@article{Horst97,
 author = {Simon, Horst D. and Teng, Shang-Hua},
 title = {How Good is Recursive Bisection?},
 year = {1997},
 issue_date = {September 1997},
 publisher = {Society for Industrial and Applied Mathematics},
 address = {USA},
 volume = {18},
 number = {5},
 issn = {1064-8275},
 url = {https://doi.org/10.1137/S1064827593255135},
 doi = {10.1137/S1064827593255135},
 journal = {SIAM J. Sci. Comput.},
 month = sep,
 pages = {1436–1445},
 numpages = {10},
 keywords = {mesh partitioning, well-shaped finite-element and finite-difference meshes, scalable parallel algorithms, load balancing, recursive bisection, data and computation mapping on parallel machines, parallel processing, communication cost}
}

@book{Bichot13,
  title={Graph Partitioning},
  author={Bichot, C.E. and Siarry, P.},
  isbn={9781118601259},
  series={ISTE},
  url={https://books.google.ch/books?id=KUHLscW8D2cC},
  year={2013},
  publisher={Wiley}
}


@inproceedings{Karypis96,
author = {Karypis, George and Kumar, Vipin},
title = {Parallel Multilevel K-Way Partitioning Scheme for Irregular Graphs},
year = {1996},
isbn = {0897918541},
publisher = {IEEE Computer Society},
address = {USA},
url = {https://doi.org/10.1145/369028.369103},
doi = {10.1145/369028.369103},
booktitle = {Proceedings of the 1996 ACM/IEEE Conference on Supercomputing},
pages = {35–es},
numpages = {21},
keywords = {Parallel Sparse Matrix Algorithms, Multilevel Partitioning Methods, Spectral Partitioning Methods, Parallel Graph Partitioning, Kernighan-Lin Heuristic},
location = {Pittsburgh, Pennsylvania, USA},
series = {Supercomputing ’96}
}

@article{Kernighan1970,
	Author = {B. W. Kernighan and S. Lin},
	Doi = {10.1002/j.1538-7305.1970.tb01770.x},
	Issn = {0005-8580},
	Journal = {The Bell System Technical Journal},
	Month = {Feb},
	Number = {2},
	Pages = {291-307},
	Title = {An efficient heuristic procedure for partitioning graphs},
	Volume = {49},
	Year = {1970},
	url = {http://dx.doi.org/10.1002/j.1538-7305.1970.tb01770.x}}

Elsner, U. (1997)Graph Partitioning:A Survey(Technische Universita ̈t Chem-nitz, Chemnitz, Germany), Technical Report 97-27.


@techreport{Elsner97,
     title = {{Graph Partitioning: A Survey}},
     author = {U. Elsner},
     year = {1997},
     institution = {Technische Universit{\"a}t Chemnitz, Germany, 97-27},
}


	
	@INPROCEEDINGS{Fiduccia1982,
	eid = {809204},
	Address = {Piscataway, NJ, USA},
	Author = {Fiduccia, C. M. and Mattheyses, R. M.},
	Booktitle = {Proceedings of the 19th Design Automation Conference},
	Isbn = {0-89791-020-6},
	Numpages = {7},
	Pages = {175--181},
	Publisher = {IEEE Press},
	Series = {DAC '82},
	Title = {A Linear-time Heuristic for Improving Network Partitions},
    doi={10.1109/DAC.1982.1585498},
    url = {http://dx.doi.org/10.1109/DAC.1982.1585498},
    ISSN={0146-7123},
    Year = {1982},
    month={June},}


@InProceedings{Delling13,
author="Delling, Daniel
and Werneck, Renato F.",
editor="Bonifaci, Vincenzo
and Demetrescu, Camil
and Marchetti-Spaccamela, Alberto",
title="Faster Customization of Road Networks",
booktitle="Experimental Algorithms",
year="2013",
publisher="Springer Berlin Heidelberg",
address="Berlin, Heidelberg",
pages="30--42",
isbn="978-3-642-38527-8"
}

@article{Davis2011,
	Acmid = {2049663},
	Address = {New York, NY, USA},
	Articleno = {1},
	Author = {Davis, Timothy A. and Hu, Yifan},
	Date-Modified = {2017-05-17 10:22:43 +0000},
	Doi = {10.1145/2049662.2049663},
	Issn = {0098-3500},
	Issue_Date = {November 2011},
	Journal = {ACM Trans. Math. Softw.},
	Keywords = {Graph drawing, multilevel algorithms, performance evaluation, sparse matrices},
	Month = dec,
	Number = {1},
	Numpages = {25},
	Pages = {1:1--1:25},
	Publisher = {ACM},
	Title = "The University of Florida Sparse Matrix Collection",
	url = {http://doi.acm.org/10.1145/2049662.2049663},
	Volume = {38},
	Year = {2011},
	Bdsk-Url-1 = {http://doi.acm.org/10.1145/2049662.2049663},
	xxxBdsk-Url-2 = {http://dx.doi.org/10.1145/2049662.2049663}
}

@article{Koren05,
author = {Koren, Y.},
title = {Drawing Graphs by Eigenvectors: Theory and Practice},
year = {2005},
issue_date = {June 2005},
publisher = {Pergamon Press, Inc.},
address = {USA},
volume = {49},
number = {11–12},
issn = {0898-1221},
url = {https://doi.org/10.1016/j.camwa.2004.08.015},
doi = {10.1016/j.camwa.2004.08.015},
journal = {Comput. Math. Appl.},
month = jun,
pages = {1867–1888},
numpages = {22},
keywords = {Graph drawing, Spectral graph theory, Laplacian, Eigenvectors, Fiedler vector, Force-directed layout}
}

  
@inbook{Buluc2013,
author={Buluc, Aydin and Meyerhenke, Henning and Safro, Ilya and Sanders, Peter and Schulz, Christian},
title={Recent Advances in Graph Partitioning},
bookTitle="Algorithm Engineering: Selected Results and Surveys",
year="2016",
publisher="Springer International Publishing",
address="Cham",
pages="117--158",
abstract="We survey recent trends in practical algorithms for balanced graph partitioning, point to applications and discuss future research directions.",
isbn="978-3-319-49487-6",
doi="10.1007/978-3-319-49487-6_4",
url="https://doi.org/10.1007/978-3-319-49487-6_4"}





